3030 5040
659 349 686 398 id
705 377 737 385 —
757 349 867 399 Laelius.

184 534 262 584 aegre
280 528 318 570 est
336 521 396 570 393,
415 518 503 581 aliqua
521 520 550 566 id
564 534 643 582 genus
655 519 735 569 herba

185 609 248 658 889.
282 607 369 670 idque
404 608 464 657 963.
495 607 526 654 io
560 607 646 671 (acc.)
677 608 734 656 140.

188 697 247 745 194.
267 696 327 745 598.
346 696 406 745 697.
421 696 472 744 990
482 694 516 742 Η.
532 696 597 743 1075
605 691 626 743 *.
641 691 734 747 1077*.

185 782 218 831 id
241 782 304 832 dant
327 795 430 845 operam
453 782 513 830 578.
537 780 568 829 id
657 796 735 829 unum

185 863 266 918 646*.
285 875 415 918 aeternum
433 866 519 918 id
542 867 597 918 sore
615 869 675 917 668.
703 867 734 916 10

186 956 256 1019 quod
280 956 339 1004 757.
364 954 423 1003 764.
447 956 507 1004 850.
528 956 608 1004 1090ι
620 956 645 1003 3.
665 956 689 1003 8.
707 954 735 1002 in

187 1056 223 1093 eo
242 1043 310 1103 dare,
330 1055 381 1104 quo
399 1048 543 1104 superatur,
566 1056 656 1091 manus
674 1041 734 1091 646.

186 1142 305 1192 eaquae
324 1123 401 1191 (aco.)
420 1129 479 1176 889.
498 1154 531 1164 -
551 1127 657 1179 idcirco
675 1130 734 1183 584.

143 1215 260 1281 τεχνίον
277 1213 468 1264 Isocratium
489 1211 568 1265 157*.

145 1302 214 1352 iate
226 1301 358 1365 rapinator
369 1300 430 1350 60⁶.
443 1300 538 1350 istum
549 1309 661 1352 ventrem
675 1304 734 1353 908.

187 1388 271 1439 sicem
289 1389 384 1438 istum
407 1387 453 1436 abs
470 1395 495 1437 ta
518 1390 593 1438 1048.
617 1390 648 1439 de
672 1390 735 1440 isto

250 1473 312 1539 quid
331 1475 415 1524 iacere
433 1482 471 1523 est
488 1475 578 1524 solitus
595 1477 656 1527 435.
680 1477 735 1526 isti

187 1564 248 1626 413.
269 1560 420 1626 quaesticuli
432 1561 488 1610 isti
501 1564 561 1612 961.
580 1564 680 1614 deliciis
694 1600 700 1613 .
712 1602 735 1614 ..

187 1650 321 1700 istorum
348 1650 408 1700 623.
436 1649 517 1701 istos
616 1653 735 1702 austellos

187 1739 251 1788 451.
284 1744 309 1786 te
343 1736 452 1799 primum
486 1753 545 1787 cum
576 1738 649 1788 istis
675 1742 736 1789 498.

186 1825 289 1873 istaec
311 1838 350 1873 res
373 1824 433 1872 544.
457 1823 562 1874 barbam
643 1826 735 1875 istam

186 1913 249 1962 943.
262 1911 290 1959 in
301 1910 363 1959 ista
376 1944 399 1959 ..
411 1945 418 1959 .
430 1911 523 1973 squilla
536 1911 642 1960 100311.
653 1912 735 1962 istuc

186 1996 265 2062 (aco.)
285 1998 328 2046 69.
340 1997 402 2046 459.
422 1993 499 2047 853*.
519 2000 577 2048 969.
598 1999 681 2049 istuc

183 2086 284 2136 bellum
297 2085 355 2133 791.
368 2083 432 2133 ista
446 2082 520 2150 (acc.)
534 2087 593 2135 913.
607 2114 639 2122 -
654 2087 735 2135 istac

252 2170 370 2222 transibit
386 2166 465 2220 454⁴.
548 2221 557 2237 ¹

143 2262 200 2312 ita
218 2267 248 2309 ut
266 2258 371 2321 quisque
452 2265 490 2307 est
574 2259 657 2309 editus
676 2262 735 2310 546.

184 2346 243 2397 scio
261 2360 314 2397 esse
332 2344 379 2394 ita
396 2352 425 2392 ut
443 2344 507 2394 dicis
527 2347 586 2396 795.

147 2435 272 2485 donnaus
290 2432 452 2493 deiectusque
532 2434 632 2483 Italia
651 2436 710 2483 759.

143 2521 229 2570 item
247 2516 329 2569 ew.
342 2519 403 2569 301.
415 2520 467 2568 394
477 2520 509 2568 Η.
526 2522 636 2571 109045.
654 2521 737 2570 vultus

185 2607 265 2655 item
286 2612 315 2654 ut
337 2604 416 2655 iacies
440 2607 482 2655 30.
506 2608 582 2657 ceteri
601 2607 675 2658 item
693 2609 737 2657 43.

184 2693 254 2742 festo
273 2698 348 2754 atque
360 2692 473 2756 profesto
488 2729 529 2743 ...
542 2694 617 2745 item
631 2696 736 2758 pariter·

184 2792 239 2841 que
251 2776 426 2828 aiaroeobt.
444 2780 483 2828 vel
501 2787 530 2829 ιιι
608 2782 645 2830 sie
663 2782 737 2832 item

189 2860 288 2914 1134'.

145 2965 231 3001 omne
249 2951 313 3001 iter
331 2960 368 3002 est
448 2953 564 3003 labosum
582 2963 658 3017 atque
671 2954 737 3005 luto·

116 3032 120 3039 '
186 3054 245 3088 sum
264 3041 312 3088 88.
338 3054 413 3090 omne
435 3041 497 3090 iter
521 3041 605 3091 evadit
695 3057 737 3090 ac·

185 3125 255 3175 clive
268 3125 327 3175 956.
346 3126 399 3176 alio
416 3143 474 3178 cum
486 3128 549 3176 iter
562 3128 665 3176 haberet
679 3127 737 3175 776.

185 3227 248 3263 oum
270 3211 331 3262 iter
353 3223 390 3264 est
414 3215 500 3277 aliquo
524 3221 659 3262 conmenta
677 3215 737 3262 980.

185 3299 251 3348 iter
268 3303 399 3364 coepturu’
420 3299 513 3352 1139*.

146 3385 338 3436 iterabimu’
357 3386 452 3437 famam
470 3390 513 3437 40.

146 3473 268 3524 itidem
286 3475 345 3523 853.

149 3562 260 3611 domum
279 3559 391 3610 itionis
410 3559 494 3624 cupidi
508 3557 585 3610 5495.

150 3648 245 3697 iubet
262 3649 343 3708 †lll.
363 3663 422 3697 oum
436 3642 516 3709 ‘data
534 3640 616 3696 Furei'
639 3646 737 3693 iasse-

147 3792 150 3796 Δ
188 3734 233 3783 ris
252 3734 312 3783 391.
330 3734 425 3784 salvere
443 3735 554 3785 iubere
574 3736 633 3783 919.

134 3822 367 3882 iucundaeque
447 3822 577 3886 placentas
596 3821 655 3870 593.

93 3914 96 3921 ’
148 3907 252 3958 Tulliu’
276 3906 388 3968 Quintus
410 3909 507 3959 iudex
532 3908 592 3957 357.
619 3904 738 3954 iudicis

144 3998 148 4003 '
187 3993 312 4045 Hortensi
333 3995 408 4044 1169.

147 4083 246 4131 horum
264 4088 302 4131 est
319 4080 478 4131 iudicium
496 4080 581 4131 Crassi
601 4080 661 4128 335.

148 4170 335 4232 ingererem
356 4163 451 4218 1191*.

787 520 974 583 Iugurthini
993 529 1065 584 pater
1082 521 1157 570 huius
1176 523 1235 571 358.

788 606 848 669 iugo
867 606 981 669 iungas
999 623 1041 658 me
1058 610 1117 657 967.

788 693 1023 757 bonu’Iuppiter
1036 698 1095 745 917.
1109 696 1214 760 Lysippi
1227 696 1369 760 Iuppiter

885 781 1004 831 transibit
1084 783 1196 832 Tarento
1214 786 1273 834 454.
1293 785 1369 848 epulo

882 868 971 917 Iovis
990 870 1171 933 omnipotentis
1190 871 1251 922 376.

786 954 924 1003 iuratam
943 970 970 1004 se
987 957 1032 1004 uni
1051 958 1110 1007 916.

787 1041 857 1090 iure
874 1041 969 1104 peritus
986 1044 1029 1092 41.

788 1129 835 1176 ius
853 1143 1001 1178 maenarum
1021 1130 1079 1179 883.
1100 1129 1170 1179 iura
1188 1130 1259 1179 siluri
1283 1134 1357 1181 1084.

787 1216 892 1279 Myconi
911 1215 984 1265 calva
1002 1216 1081 1264 omni’
1100 1216 1247 1267 iuventus
1267 1221 1342 1268 1158.

787 1304 933 1354 Ixionies
952 1303 1077 1354 aloehoeo
1097 1301 1157 1353 28¹³.

788 1476 832 1525 ubi
851 1484 905 1525 erat
923 1476 1073 1553 inopiosas
1091 1479 1173 1528 eicere
1185 1479 1261 1528 istum
1276 1477 1369 1533 10479Ι
1383 1547 1386 1552 ν

787 1650 814 1696 in
832 1648 977 1712 praeposito
995 1664 1040 1712 per
1058 1651 1210 1713 pelliciendo
1290 1654 1370 1716 gemi-

822 1743 883 1784 nato
902 1737 910 1784 l
930 1736 1007 1785 3300.

787 1823 873 1885 c·q-i-l
891 1824 996 1887 51181.

787 1919 896 1980 rostrum
914 1908 1076 1971 iubeasque
1160 1913 1274 1974 percutio
1292 1910 1370 1965 989*,

823 1997 952 2061 Zopyrion
971 1996 1079 2046 labeas
1098 1998 1183 2046 caedit
1201 2001 1260 2052 591.

787 2086 860 2134 labra
879 2083 1012 2133 labellis
1030 2084 1091 2135 ficta
1110 2087 1169 2135 968.

787 2171 947 2236 imposuique
970 2153 1114 2232 pudendam
1138 2172 1242 2235 pellibu'
1267 2173 1370 2223 labem

827 2255 920 2309 1176*.

789 2345 1037 2394 labuntur-1149.

788 2432 856 2482 hunc
869 2432 1010 2481 laborem
1022 2416 1120 2479 sumam
1134 2433 1193 2481 619.
1213 2443 1371 2498 quantosque

819 2520 950 2569 iabores
973 2518 1115 2568 exanclatis
1137 2521 1196 2568 995.
1222 2522 1296 2570 dolor
1317 2539 1371 2579 rec·

823 2608 906 2671 ceptu'
926 2605 1070 2666 labosque
1091 2606 1149 2655 197.

790 2695 861 2762 quod
874 2709 981 2756 quaeras
993 2699 1068 2754 atque
1086 2690 1214 2743 labores
1228 2695 1304 2745 3300.
1323 2675 1371 2746 la·

825 2780 902 2829 bora
921 2781 1017 2830 discere
1036 2781 1096 2828 987.

790 2867 838 2916 iter
917 2866 1059 2916 labosum
1079 2867 1120 2914 88.

790 2954 879 3002 labra
897 2952 996 3002 labellis
1015 2953 1074 3002 ficta
1093 2951 1146 3002 eius
1165 2967 1292 3018 compono
1311 2958 1370 3007 268.

825 3041 914 3089 labra
933 3039 1041 3102 delingit
1059 3041 1118 3088 910.

789 3143 883 3190 magna
907 3143 964 3176 ossa
988 3126 1158 3188 lacertique
1179 3136 1303 3190 apparent
1325 3129 1371 3178 bo·

824 3214 900 3262 minis
919 3216 968 3262 481
981 3213 1013 3261 Η.
1033 3219 1120 3262 tenero
1133 3222 1235 3263 maneat
1248 3250 1253 3262 .
1266 3251 1272 3263 .
1283 3252 1289 3263 .
1301 3218 1371 3265 sncu'

825 3302 945 3350 lacerto
968 3301 1025 3348 148.
1044 3298 1122 3362 bulga
1191 3300 1308 3351 devincta
1326 3303 1372 3352 la·

825 3395 912 3437 certo
932 3392 969 3435 est
986 3381 1064 3434 906*.

789 3473 957 3525 lacessisse
1037 3472 1102 3521 iram
1119 3474 1180 3522 408.

791 3562 906 3626 absterge
918 3559 1068 3608 lacrimas
1081 3559 1140 3610 166.
1154 3561 1305 3610 lacrimas
1320 3578 1374 3611 mu-

827 3648 881 3696 toni
899 3648 1028 3709 absterget
1046 3648 1106 3695 971.

790 3734 1034 3795 lacrimosaeque
1113 3734 1190 3782 tallae
1213 3736 1268 3783 169.

791 3820 913 3870 lactare
927 3816 1004 3871 884*.
1017 3819 1155 3867 luctanti
1169 3820 1195 3868 in
1205 3822 1304 3872 sumine
1318 3824 1374 3873 149.

790 3905 955 3955 lactentia
973 3905 1028 3954 Coa
1048 3906 1141 3954 11811.

791 3993 917 4042 suffocare
937 3994 1066 4042 lacunas
1087 3993 1180 4042 ll8lf.

792 4079 950 4128 resultabunt
966 4079 1090 4140 aedesque
1109 4080 1253 4143 lacusque
1275 4085 1349 4132 1169.

793 4167 915 4227 quoniam
934 4165 1042 4214 incilans
1061 4180 1107 4213 nos
1125 4164 1224 4216 laedi'
1250 4170 1309 4217 876.
1333 4184 1376 4218 ne·

93 4260 99 4333 y
149 4251 740 4318 iugoiungaameaesnuneiugamulorum
829 4268 904 4314 quem
923 4251 1030 4301 laedat
1048 4253 1108 4302 695.

93 4372 95 4419 3
254 4341 346 4391 ducere
369 4347 470 4389 centum
489 4355 538 4388 non
558 4347 663 4403 possunt
682 4339 740 4387 366.

204 4434 277 4473 ludex
293 4433 425 4472 tacuimus.

792 4339 917 4389 Laeliu'
940 4339 997 4388 187.
1017 4336 1142 4389 Laeliu’
1222 4337 1311 4407 σοφὸς
1330 4341 1373 4394 ille

1153 4424 1173 4486 3
