3030 5040
560 1655 921 1767 PRAEFATIO.

230 2068 362 2177 Lucilio
378 2107 579 2176 Laoh'manni
603 2106 689 2173 edito
712 2105 768 2171 alii
790 2105 856 2170 alia
879 2111 945 2169 tam
967 2104 1001 2167 in
1023 2103 1123 2184 ipsius
1145 2121 1243 2185 opere
1258 2121 1354 2183 quam

144 2264 177 2327 in
207 2284 279 2328 mea
308 2263 521 2345 qualicunque
551 2280 627 2325 cura
656 2279 719 2342 qua
746 2256 827 2322 illud
853 2277 919 2321 non
946 2253 1209 2320 abscondendum
1235 2255 1294 2321 sed
1320 2255 1355 2319 in

145 2417 250 2479 lucem
275 2413 437 2498 publicam
459 2410 693 2476 admittendum
716 2408 825 2473 curavi
841 2407 1117 2491 reprehenderunt
1139 2413 1172 2472 et
1194 2406 1356 2472 desidera-

147 2572 230 2629 runt.
276 2564 363 2631 luter
392 2584 472 2653 quos
499 2560 594 2646 pauci
622 2581 694 2626 cum
721 2558 846 2641 reliqua
873 2579 939 2624 non
964 2557 1075 2640 iniqua
1101 2563 1208 2622 mente
1232 2559 1356 2642 excipe·

148 2723 220 2782 rent
242 2716 305 2780 hoc
320 2722 430 2780 tamen
444 2735 543 2797 aegre
557 2713 705 2781 ferebant
721 2713 807 2796 quod
821 2712 872 2777 his
887 2711 1075 2793 fragmentis
1090 2731 1225 2794 quorum
1241 2719 1356 2796 suapte

148 2874 265 2931 natura
287 2886 352 2930 non
376 2885 458 2930 unus
481 2871 513 2930 et
537 2872 642 2933 certus
665 2867 743 2932 ordo
767 2883 839 2930 esse
861 2851 968 2947 potest
989 2861 1071 2925 nihil
1086 2862 1270 2929 adminiculi
1293 2885 1356 2946 quo

148 3018 184 3081 in
206 3017 387 3083 evolvendo
411 3015 604 3080 adiuvarere
626 3017 788 3108 adiectum
803 3021 883 3080 erat.
917 3013 1052 3091 Qualem
1068 3014 1357 3084 dinumerationem

150 3160 299 3234 versuum
332 3165 500 3248 quominus
527 3164 598 3248 ipse
621 3174 688 3232 tum
715 3168 867 3234 adderem
891 3187 963 3233 cum
984 3167 1064 3232 meis
1085 3169 1288 3248 negotiorum
1310 3189 1359 3234 ra·

150 3318 291 3384 tionibus
312 3316 507 3400 prohibebar
522 3324 589 3381 tum
608 3317 712 3399 magis
730 3317 789 3382 illa
803 3320 1013 3401 persuasione
1029 3339 1093 3401 qua
1106 3340 1167 3386 uec
1181 3319 1358 3402 Hauptium

151 3489 257 3551 neque
279 3468 384 3550 ipsum
400 3467 644 3534 Lachmannum
665 3467 728 3532 isto
751 3469 847 3535 modo
871 3439 1090 3536 commoditati
1105 3470 1270 3536 hominum
1288 3492 1359 3554 pro·

152 3622 278 3687 visuros
305 3618 405 3685 fuisse
433 3618 623 3686 arbitrabar.
670 3619 793 3685 Tamen
821 3642 905 3687 nunc
936 3621 1017 3688 cessi
1040 3621 1168 3687 illorum
1190 3624 1359 3707 voluntati,

152 3778 365 3857 posteaquam
380 3771 587 3836 Franciscum
603 3769 784 3836 Harderum
800 3772 875 3837 huic
890 3772 1098 3837 sustinendae
1114 3791 1232 3854 operae
1248 3793 1360 3857 parem

150 3933 183 3992 et
212 3928 364 4008 paratum
393 3940 465 3985 esse
488 3920 637 4003 cognovi:
667 3924 720 4007 qui
742 3943 815 3988 meo
843 3923 975 3989 consilio
999 3929 1031 3989 et
1053 3926 1201 4008 exemplo
1223 3925 1360 3990 remita

152 4072 393 4141 administravit
415 4077 449 4136 ut
472 4075 618 4155 exposito
643 4075 729 4138 omni
751 4093 899 4140 sermone
921 4076 1088 4143 Luciliano
1116 4077 1210 4142 simul
1235 4078 1283 4142 illi
1306 4078 1359 4143 de·

152 4225 271 4290 siderio
296 4225 477 4292 satisfieret.
512 4226 715 4306 Possuntque
736 4226 818 4292 haec
839 4225 1071 4313 iacilinegotio
1087 4226 1245 4310 cumipse
1261 4247 1360 4311 opere
