3030 5040
246 329 286 391 32
763 330 879 378 inter-
900 330 929 376 is.

282 500 347 548 nites
362 501 421 550 745.
437 501 495 550 746.
514 507 603 562 pontes
617 538 622 549 .
634 538 640 550 .
653 538 659 549 .
672 500 723 548 <luo
742 500 825 549 inter

284 587 377 637 ilerd.

248 687 339 734 uquam
352 680 376 722 te
393 673 420 721 in
433 673 518 721 animo
528 672 621 721 habere
635 672 824 722 intercutem

282 760 341 810 675.

248 845 302 909 igni
322 853 347 895 et
362 860 429 907 aqua
446 845 659 895 interdixerit
677 847 737 896 694.

248 947 322 994 quern
341 941 437 982 metuas
455 945 545 996 saepe,
569 933 726 982 interdum
752 948 827 995 quem

283 1024 355 1067 uture
373 1019 433 1069 400.

248 1104 376 1154 interea
396 1107 453 1154 181.
473 1107 532 1156 732.
552 1108 610 1156 878.

247 1191 416 1241 intereunt
436 1194 511 1243 1149.

249 1277 391 1340 fragmenta
426 1279 593 1329 interfici’
634 1279 707 1341 panis
751 1282 825 1330 1148.

282 1365 391 1427 piscium
409 1381 528 1429 magnam
610 1367 660 1414 vim
688 1367 825 1417 interfe-

284 1452 358 1500 cisti
388 1455 446 1503 705.
475 1452 604 1502 hominem
687 1453 825 1503 interie-

283 1538 365 1588 ceris
384 1540 443 1589 807.

248 1624 280 1671 ad
300 1662 306 1674 .
323 1662 346 1675 ..
365 1625 623 1676 internecionem
642 1630 683 1679 85.

248 1711 269 1758 si
289 1712 326 1759 nil
345 1719 429 1775 gustat
447 1712 682 1764 internundino
702 1716 761 1765 576.

248 1804 275 1845 tu
293 1797 354 1859 quid
366 1799 437 1860 agis?
456 1798 689 1863 interpellem,
708 1809 736 1851 ut
748 1801 827 1852 sciam

286 1885 344 1934 ros.
462 1874 466 1880 '

248 1970 340 2032 quidve
351 1970 400 2020 hoc
410 1971 632 2022 intersietillud
644 1974 703 2024 298.
714 1972 746 2022 cf.
754 1974 826 2025 inter.

249 2056 319 2106 dicta
399 2059 459 2106 dum
529 2059 692 2121 intorquet
704 2060 732 2108 in
744 2060 826 2124 ipsum

287 2147 361 2196 1014.

248 2230 342 2281 coicito
361 2239 385 2281 te
403 2233 490 2282 intro
519 2235 577 2284 715.
606 2234 673 2296 quod
697 2241 722 2284 te
740 2234 826 2284 intro

207 2380 217 2399 ⁶
283 2319 340 2366 misi
355 2321 414 2370 795.
428 2320 515 2369 intro
528 2333 615 2368 vorsus
627 2321 686 2372 923.
700 2329 728 2370 ut
740 2321 826 2370 intro

284 2406 354 2454 uliud
373 2407 449 2469 longe
468 2421 521 2455 esso
539 2414 614 2468 atque
632 2407 695 2456 intu'
714 2407 827 2456 videmus

286 2494 362 2543 1133.
375 2492 459 2542 intro
473 2507 519 2542 uos
528 2501 611 2555 vocat,
625 2501 745 2544 ...tenet
758 2493 827 2542 intus

286 2581 361 2631 1135.

248 2668 378 2717 intubus
407 2668 466 2716 882.
497 2665 623 2715 iutubn'
722 2666 828 2729 pedibus

285 2753 420 2817 perserpsit
442 2751 541 2814 equinis
571 2753 628 2802 163.
656 2751 763 2801 hiberna
781 2750 828 2798 iu·

281 2840 359 2889 tuba
378 2835 456 2890 258*.

249 2925 330 2974 intu’
355 2926 456 2974 modost
475 2933 557 2975 rectus
579 2922 722 2975 subtemiui’
748 2938 828 2988 panus

289 3014 348 3062 260.
367 3019 395 3060 ut
413 3012 481 3061 iutro
501 3012 569 3059 aliud
588 3013 664 3074 longe
683 3026 735 3060 esse
754 3017 829 3073 atque

285 3099 366 3147 intu’
380 3098 493 3146 videmus
513 3097 588 3147 1133.
607 3097 675 3145 intro
688 3112 735 3147 nos
746 3104 828 3157 vocat,

254 3173 259 3182 ’
285 3192 354 3233 tenet
372 3183 457 3233 intus
476 3183 543 3247 spud
562 3198 588 3231 se
611 3184 685 3231 1135.

251 3271 401 3334 quaesticuli
482 3271 578 3319 intuti
598 3265 676 3319 262*.

234 3364 277 3421 ιιιι
294 3359 370 3408 semel
389 3357 415 3404 in
429 3357 501 3406 Caeli
520 3372 618 3420 pugnas
636 3362 661 3405 te
680 3353 827 3401 invadere

285 3444 337 3491 vidi
351 3445 410 3494 939.
429 3443 496 3492 hunc
508 3443 534 3491 in
548 3443 634 3492 fauces
647 3443 771 3491 invasse
786 3439 827 3488 63.

250 3545 341 3593 corpus
365 3530 474 3578 solidum
501 3530 646 3579 invenies
677 3529 750 3576 1037.
778 3525 827 3575 hoc

285 3615 449 3665 invenisse
471 3630 550 3663 unum
568 3616 600 3664 ud
618 3615 735 3663 morbum
754 3612 825 3660 illum

286 3701 385 3751 homini
416 3698 492 3750 741*.
521 3710 547 3750 ιιι
627 3700 691 3749 mihi
781 3699 827 3746 in·

284 3789 393 3838 ventu’
412 3789 509 3838 saluti's
531 3791 587 3839 161.

249 3875 314 3922 nulli
332 3889 372 3923 me
389 3874 535 3926 invidere
554 3878 614 3927 622.

250 3959 361 4008 inimicis
379 3959 575 4012 invidiosam
594 3963 654 4013 563.

250 4047 366 4096 morbum
376 4046 402 4094 in
415 4045 473 4095 vino
487 4063 547 4110 esse,
562 4049 605 4097 ubi
619 4048 662 4110 qui
676 4046 830 4096 invitavit

290 4133 411 4197 dapsilius
434 4148 460 4182 se
488 4135 546 4185 938.
575 4142 665 4185 contra
692 4133 754 4182 haee
779 4133 829 4179 in·

286 4221 404 4269 vitasse
423 4228 467 4269 aut
485 4220 617 4284 instigasse
635 4220 751 4270 videntur
770 4219 829 4268 936.

286 4305 389 4369 pulchre
410 4304 543 4354 invitati
561 4306 621 4356 satis
644 4307 718 4357 1147.

874 513 915 548 me
997 499 1135 547 invitum
1213 499 1319 575 subigas
1338 502 1401 552 968.

876 585 995 635 accedere
1014 585 1149 634 inultum
1169 586 1229 636 250.

876 672 919 734 qui
938 686 1054 720 nummos
1134 672 1265 720 inuncet
1282 673 1343 724 430.

876 759 964 808 oculos
983 758 1043 820 quoi
1062 758 1202 808 involem
1221 759 1281 808 802.
1351 788 1356 794 -
1441 822 1448 833 .

877 853 971 908 puncto
1051 844 1139 906 horai,
1167 845 1210 907 qui
1235 859 1314 908 prope
1338 845 1462 896 inursit

912 928 991 982 405*.

877 1017 979 1067 verbum
999 1018 1187 1068 inusitatum
1206 1019 1266 1068 602.

877 1106 957 1154 servu’
1038 1104 1163 1155 inutili'
1182 1104 1302 1166 cuiquam
1315 1106 1377 1154 518.
1397 1105 1461 1166 quid

912 1191 1028 1241 inutile
1046 1199 1118 1256 turpe
1137 1191 1297 1241 inhonestum
1319 1193 1433 1242 102025.

877 1279 946 1327 ludu'
967 1279 1111 1342 iocusque
1131 1280 1163 1328 76
1174 1279 1206 1330 Η.

877 1367 944 1430 ipse
963 1368 1005 1417 57.
1030 1363 1107 1417 132*.
1134 1368 1190 1416 141.
1220 1367 1279 1415 204.
1309 1366 1370 1415 365.
1399 1367 1461 1416 409.

911 1453 993 1516 4767.
1005 1455 1064 1504 899.
1074 1456 1134 1505 975.
1147 1455 1212 1502 1008
1224 1452 1257 1503 Η.
1270 1448 1367 1502 1016*.
1384 1454 1461 1504 1067.

865 1523 869 1529 ’
915 1541 990 1591 1074.
1009 1540 1076 1603 ipse
1086 1541 1140 1590 ecu'
1155 1541 1215 1589 390.
1229 1537 1388 1602 Syrusipse
1400 1541 1462 1589 529.

912 1640 959 1676 uec
982 1627 1003 1674 si
1027 1625 1175 1677 Oameaden
1198 1627 1298 1689 ipsum
1317 1623 1398 1674 Orcu’
1422 1640 1462 1675 re·

912 1712 998 1761 mittut
1018 1715 1049 1777 14
1059 1712 1093 1765 Η.
1112 1714 1138 1761 ἰιι
1158 1719 1234 1776 caput
1251 1711 1340 1772 insilit,
1360 1712 1463 1776 ipsum

913 1802 1129 1850 conmanducatur
1144 1802 1201 1849 124.
1221 1782 1321 1862 ipsum
1340 1799 1404 1860 quid
1424 1799 1464 1848 ia·

914 1900 970 1935 cere
984 1893 1054 1950 optes
1068 1889 1127 1938 227.
1140 1887 1270 1937 hominem
1283 1886 1387 1948 ipsum
1401 1888 1463 1937 807.

914 1973 940 2021 in
960 1973 1063 2036 ipsum
1084 1975 1159 2023 1014.
1187 1974 1256 2037 ipso
1276 1987 1333 2022 cum
1354 1973 1464 2022 domino

914 2061 974 2110 929.
999 2059 1059 2122 ipsi
1080 2062 1139 2109 773.
1167 2061 1235 2110 oculi
1256 2084 1298 2110 .;.
1317 2059 1381 2122 ipsi
1402 2062 1464 2111 592.

915 2146 1096 2210 depugnabunt
1119 2162 1165 2211 pro
1183 2155 1208 2197 te
1231 2146 1296 2210 ipsi
1324 2146 1388 2195 594.
1417 2147 1465 2196 ho·

913 2232 994 2282 mines
1013 2233 1074 2296 ipsi
1099 2233 1165 2282 hanc
1184 2233 1233 2282 sibi
1252 2232 1400 2282 molestiam

914 2318 1024 2368 offerunt
1047 2320 1106 2368 603.
1134 2319 1155 2368 si
1178 2318 1330 2368 miserantur
1353 2319 1466 2383 seipsi

914 2407 973 2455 618.
1001 2405 1068 2469 ipsa
1096 2407 1155 2454 817.
1182 2421 1222 2455 res
1249 2405 1318 2469 ipsa
1341 2421 1374 2455 ae
1397 2405 1467 2457 ratio

913 2493 982 2556 ipsa
1001 2494 1060 2541 288.
1084 2498 1112 2540 tu
1129 2491 1199 2556 ipss
1218 2494 1277 2542 921.
1296 2491 1374 2555 ipsa
1394 2500 1467 2543 aetas

915 2580 974 2629 984.
1003 2578 1128 2629 Helenam
1154 2579 1255 2642 ipsum
1285 2579 1347 2628 474.
1381 2579 1410 2627 ἰιι
1440 2595 1467 2629 re

914 2665 1014 2728 agenda
1032 2665 1101 2729 ipss
1124 2666 1184 2714 485.
1211 2679 1238 2715 re
1257 2665 1326 2728 ipsa
1350 2668 1466 2717 102028.

915 2752 1004 2800 limum
1025 2765 1055 2800 sc
1076 2764 1184 2801 caenum
1271 2751 1378 2816 ipsum
1404 2754 1466 2804 266.

915 2845 990 2900 atque
1008 2836 1079 2900 ipso
1102 2835 1213 2886 divortio
1242 2837 1300 2887 273.
1330 2836 1404 2901 ipsa

914 2926 969 2974 lora
980 2925 1038 2974 295.
1049 2923 1182 2974 comedent
1192 2923 1255 2973 haec
1265 2938 1292 2972 se
1301 2922 1334 2986 ip
1342 2938 1377 2974 sa
1389 2927 1469 2975 1042.

879 3011 980 3062 Catoni'
1008 3008 1198 3060 lacessisse
1220 3008 1299 3057 iram
1326 3009 1393 3064 408,
1423 3012 1469 3074 qui

914 3099 990 3146 iram
1004 3096 1121 3159 indulges
1133 3095 1208 3144 nimis
1222 3096 1280 3145 785.
1301 3095 1406 3146 ecferor
1419 3098 1470 3147 irs

917 3186 974 3234 145.

880 3270 972 3319 scimus
991 3269 1086 3334 capital
1106 3284 1158 3319 esse
1170 3269 1305 3320 irascier
1317 3271 1383 3321 532.
1402 3272 1470 3322 ira·

914 3364 964 3405 tus
988 3371 1075 3421 pugno
1105 3352 1180 3406 143!
1208 3355 1229 3404 si
1247 3355 1325 3404 irati
1351 3371 1398 3406 seu
1427 3358 1471 3408 cui

915 3443 1019 3507 propitii
1039 3450 1097 3492 sunt
1116 3443 1174 3491 813.
1193 3442 1295 3491 iratae
1315 3440 1401 3493 250*.
1465 3436 1470 3443 ’

879 3530 976 3592 laqueis
995 3530 1102 3579 manicis
1180 3542 1250 3577 mens
1267 3527 1404 3579 irretita
1433 3539 1473 3581 est

915 3616 973 3665 954.

879 3703 905 3751 is
924 3698 1000 3752 265*.
1020 3702 1080 3751 609.
1100 3696 1179 3751 799*.
1198 3700 1229 3749 ei
1247 3710 1404 3765 properatur
1417 3720 1472 3768 pax

915 3784 995 3838 550*.
1024 3787 1107 3851 capite
1197 3802 1263 3837 eum
1290 3788 1354 3837 467.
1385 3789 1415 3838 in
1435 3806 1471 3841 eo

915 3889 1021 3924 numero
1041 3873 1132 3936 quoin
1146 3909 1187 3929 „..
1208 3874 1265 3924 153.
1285 3874 1318 3923 ab
1334 3890 1374 3926 eo
1388 3877 1471 3927 risum

979 3960 1033 4024 agit
1052 3961 1110 4013 538,
1131 3975 1165 4010 eo
1184 3960 1268 4010 medio
1289 3976 1305 4010 a
1323 3961 1390 4012 ludo
1410 3965 1488 4027 888..

915 4062 961 4112 pro
989 4048 1082 4098 scelere
1111 4048 1179 4097 eius
1204 4048 1263 4096 231.
1293 4047 1402 4100 labellis

917 4134 983 4183 eius
1003 4130 1081 4184 269*.
1109 4135 1142 4182 ad
1161 4148 1227 4184 eam
1246 4147 1300 4182 rem
1328 4136 1410 4190 1169.
1440 4138 1472 4186 id

919 4221 975 4268 182.
1000 4221 1058 4270 961.
1083 4220 1116 4268 id
1142 4221 1224 4269 solum
1248 4219 1309 4289 223.
1333 4220 1368 4270 id
1392 4221 1472 4287 genu'

916 4307 994 4354 rudus
1015 4307 1075 4355 343.
1095 4305 1127 4354 id
1145 4307 1220 4369 genu’
1234 4317 1297 4355 sane
1316 4306 1373 4357 392
1403 4308 1473 4358 idne
