3030 5040
186 1298 202 1335 ἱ

220 309 262 373 24

220 478 270 542 (in)
290 479 368 527 fimo
388 486 462 540 atque
480 480 592 527 sucerdis
611 481 671 528 890.

220 565 351 627 fingere
372 562 464 612 1181d.
494 564 557 627 fuga
580 565 721 627 fingitur
740 566 798 616 805.

255 650 355 699 somnia
373 650 386 697 f
390 649 453 699 icta
476 666 535 699 vera
552 658 642 714 putant
669 652 728 699 413.
747 651 799 700 veri

257 737 328 799 nihil,
349 737 435 786 omnia
457 736 536 786 ficta
557 738 616 787 415.
639 745 754 800 portenta
772 738 799 786 in

257 823 361 872 Homeri
373 823 480 871 versibu’
494 822 508 870 f
512 823 581 873 icta
589 833 703 884 monstra
711 832 801 888 putant

256 907 335 960 439*.
354 909 447 958 fictis
465 910 576 959 versibus
595 911 654 960 631.

222 997 341 1046 Setinum
421 996 519 1046 finem
539 1000 570 1045 77
582 996 614 1046 H.
643 997 801 1059 quaerendae

256 1082 269 1131 f
276 1084 357 1130 iucm
375 1097 402 1132 re
420 1083 486 1140 scire
507 1085 661 1146 modumque
687 1085 800 1133 101006.

221 1169 360 1233 versipellis
379 1167 424 1217 fio
453 1170 512 1218 530.
539 1169 589 1219 hoc
615 1172 656 1218 fit
679 1171 746 1233 idenp
766 1171 801 1218 'in

258 1270 321 1304 cena
340 1256 400 1303 378.
429 1255 489 1316 quid
509 1255 549 1304 fit
578 1257 636 1305 716.
665 1272 742 1318 quare
761 1257 802 1307 fit

257 1349 286 1389 ut
312 1342 372 1390 923.
399 1341 507 1390 mendae
535 1343 652 1391 omnibus
679 1343 705 1390 in
729 1344 802 1393 rebus

258 1427 344 1474 fiunt
363 1425 468 1488 fierique
491 1427 557 1490 potis
575 1436 633 1476 sunt
655 1431 729 1478 1143.
756 1446 801 1494 pu-

258 1512 373 1561 blicanus
464 1521 491 1563 ut
583 1513 659 1562 fiam
686 1517 744 1564 527.
774 1524 802 1564 ut

261 1600 379 1663 pinguiu’
400 1600 464 1649 fiat
492 1602 551 1649 323.
578 1608 606 1650 ut
624 1600 722 1665 plenius
741 1601 803 1650 fiat

260 1686 354 1736 32711,
382 1686 427 1735 illo
454 1687 515 1747 quid
541 1687 602 1736 fiat
681 1687 741 1749 quoi
760 1702 801 1738 ve·

257 1774 332 1821 niunt
350 1774 409 1820 871.
429 1772 539 1822 Cecilius
556 1782 641 1837 pretor
653 1789 685 1823 ne
698 1775 801 1824 rustieu'

259 1861 322 1909 fiat
338 1860 412 1907 1086.
426 1867 454 1907 ut
465 1859 536 1922 pueri
548 1860 631 1922 plures
644 1861 729 1911 fiant
743 1864 801 1911 318.

259 1946 301 1994 isi
315 1945 375 1995 faci'
395 1945 486 2006 solum,
505 1945 554 1995 hoc
573 1947 643 1994 uniu'
663 1948 724 1997 fiet
742 1951 802 2001 319.

260 2032 322 2095 qnid
349 2047 388 2080 me
418 2031 479 2081 fiet
508 2034 566 2080 828.
595 2033 671 2083 fieri
697 2035 718 2082 si
737 2035 802 2087 forte

260 2119 367 2183 potisset
387 2120 412 2167 4,
441 2121 631 2170 contemnificus
651 2121 724 2171 fieri
743 2124 802 2172 548.

259 2205 403 2256 strabonem
416 2206 494 2256 fieri
513 2210 572 2257 622.
592 2219 619 2258 ut
632 2210 712 2260 fieri
724 2212 804 2275 possit

260 2308 308 2356 ego
327 2307 377 2354 quo
397 2294 428 2341 ab
447 2294 604 2343 Archilocho
624 2297 715 2346 excido
744 2300 802 2351 655.

261 2381 325 2428 fiunt
344 2378 476 2441 fierique
494 2380 560 2441 potis
579 2390 637 2430 sunt
657 2385 732 2433 1143.

225 2465 368 2514 firmiter·
395 2464 472 2514 issent
502 2467 561 2514 332.
593 2468 730 2520 firmiter

260 2553 395 2617 penitaque
474 2561 575 2615 pectore
593 2555 672 2605 fixum
690 2560 750 2609 368.

225 2640 347 2688 fiscina
366 2637 452 2688 fallaci
472 2640 573 2690 cumulo
595 2644 652 2692 196.

225 2724 362 2789 publicitus
444 2733 519 2786 atque
537 2742 551 2776 e
578 2727 661 2777 fiseo
685 2729 804 2792 praebeat

260 2826 350 2859 aurum
370 2806 447 2860 370*.

225 2898 247 2946 si
267 2897 373 2946 achrion
391 2897 490 2960 longiu’
509 2898 628 2949 flaccet
647 2901 707 2950 240.

226 2984 335 3034 Flacci
416 2984 484 3033 utria
513 2987 588 3035 1146.
615 2987 804 3036 Flaccorum

262 3085 364 3119 munere
386 3071 442 3118 136.

226 3155 396 3218 flagitium
415 3157 473 3206 570.
492 3159 547 3208 sine
566 3158 695 3221 flagitio
718 3161 792 3208 1050.

228 3249 360 3293 ventorum
379 3243 512 3293 flamina
531 3245 615 3295 flando
634 3246 697 3294 suda
715 3261 802 3295 secun-

261 3329 321 3378 dent
342 3331 402 3379 803.

225 3424 309 3482 petere
328 3432 417 3466 aurum
436 3433 449 3467 e
469 3418 597 3468 flamma
616 3421 675 3469 564.

226 3504 330 3553 flamina
349 3504 458 3552 flando
477 3507 614 3555 secundent
631 3508 690 3555 803.

226 3591 340 3640 flebile
358 3605 420 3654 cepe
444 3592 501 3640 162.

226 3678 341 3727 mercede
360 3693 424 3739 quae
443 3678 584 3728 conductae
604 3678 683 3727 slent
703 3681 761 3728 809.

227 3765 304 3813 fletu
324 3767 384 3815 657.

228 3853 362 3915 Hymnidis
391 3868 423 3902 ex
450 3852 517 3901 facie
544 3850 657 3900 florem
684 3852 807 3924 delegeris

264 3940 339 3988 1056.

227 4006 806 4091 0011001100ιιιο11953.(ιιιιι)11ιοιιι

264 4115 372 4165 erexerit
399 4113 566 4175 extuleritque
597 4115 656 4162 928.
686 4114 805 4164 flnctus

263 4202 392 4262 undasque
410 4215 423 4248 c
436 4200 536 4262 gurgite
548 4200 615 4249 salso
628 4202 716 4252 tollere
731 4205 805 4252 1179.

264 4287 418 4336 fluctibus
438 4302 452 4333 ιι
471 4286 600 4348 ventisque
618 4289 697 4338 aversi
718 4291 776 4338 332.

719 310 779 358 fimo
800 338 831 347 -

851 311 929 361 forus.
968 312 973 319 '

851 480 986 530 fluitare
1006 495 1129 543 capronas
1148 478 1226 530 426¹&
1292 460 1295 465 .

851 567 967 616 flumen
987 568 1045 615 273.
1065 565 1141 615 Silari
1161 567 1192 614 ad
1213 566 1333 614 flumen
1353 569 1397 615 97.

852 652 1007 714 fluvioque
1021 652 1130 701 Oufente
1146 654 1221 702 1095.
1240 661 1324 701 ostrea
1335 668 1436 716 cogno·

886 738 919 786 rit
933 738 944 784 f
948 738 1066 786 lovium
1078 738 1167 787 limum
1181 754 1212 787 ac
1224 753 1332 788 caenum
1344 753 1437 802 sapere

887 824 945 871 986.

853 924 903 971 qno
923 909 1075 959 folliculo
1095 926 1162 960 nunc
1180 927 1235 960 sum
1249 912 1353 960 indutus
1372 912 1437 961 556.

853 1010 980 1044 musarum
999 1012 1012 1045 c
1032 996 1170 1046 fontibu’
1190 1000 1250 1048 333.

853 1088 925 1131 extra
940 1091 1025 1155 ¹castra
1105 1083 1191 1133 foras
1209 1085 1285 1134 eiecit
1303 1086 1364 1133 364.
1384 1100 1437 1134 neu

877 1170 1007 1232 mysteria
1025 1169 1132 1219 ecferres
1151 1170 1239 1219 foras
1258 1172 1317 1220 534.
1346 1173 1437 1221 exelu-

888 1255 950 1303 dunt
969 1254 1054 1304 foras
1083 1257 1140 1305 835.
1168 1256 1240 1319 plura
1264 1256 1352 1306 foras
1374 1273 1437 1309 ven·

888 1342 951 1390 dunt
968 1341 1045 1391 1131.

853 1427 1008 1490 sculptorum
1028 1428 1253 1491 forcipiumque
1272 1432 1332 1479 520.
1360 1432 1438 1479 uncis

888 1513 1069 1577 forcipibus
1088 1515 1174 1564 dentes
1193 1516 1309 1565 evelleret
1329 1518 1390 1566 505.

854 1599 922 1660 quod
941 1600 1102 1650 commissum
1116 1601 1199 1652 foret
1212 1602 1271 1651 533.
1290 1600 1312 1648 si
1325 1639 1332 1650 .
1344 1638 1351 1650 .
1363 1636 1369 1648 .
1382 1617 1438 1650 non
1453 1588 1456 1595 ¹

889 1692 962 1748 aptus
981 1685 1064 1737 foret
1088 1690 1146 1738 757.
1175 1688 1237 1736 illud
1256 1688 1333 1736 credo
1353 1688 1437 1738 fore:

889 1772 1014 1836 accipiam
1045 1776 1101 1823 141.
1130 1775 1198 1824 fore
1221 1774 1331 1822 amicum
1359 1774 1439 1838 polli-

889 1869 975 1909 ceatur
994 1863 1044 1911 999
1057 1862 1090 1910 Η.
1110 1871 1240 1911 aeternum
1254 1861 1279 1908 id
1292 1860 1367 1910 vobis
1379 1877 1438 1924 spe-

889 1954 972 1996 rantes
985 1947 1052 1998 fore
1065 1950 1123 1998 068.
1142 1949 1163 1997 si
1183 1949 1234 1997 alia
1247 1951 1305 2012 opu'
1319 1948 1352 1997 sit
1366 1949 1438 1999 fore

889 2033 949 2082 699.
968 2033 1105 2084 admodum
1124 2050 1225 2085 causam
1244 2049 1347 2097 gravem
1366 2034 1380 2083 f
1383 2050 1439 2085 ore

891 2119 953 2170 781.
1204 2104 1207 2113 '

855 2214 913 2255 ante
934 2207 1017 2256 fores
1040 2208 1114 2255 1025.
1133 2207 1167 2256 cf.
1185 2207 1253 2256 foras
1272 2215 1297 2256 et
1315 2208 1387 2257 foris.

855 2292 947 2341 sensim
973 2300 997 2341 et
1020 2293 1181 2356 pedetemtim
1200 2293 1278 2342 foris
1301 2295 1362 2342 694.
1386 2293 1439 2343 ista

890 2378 969 2427 foris
987 2379 1139 2428 sermonibu'
1157 2378 1242 2429 differs
1262 2381 1321 2428 913.

855 2479 886 2514 ne
898 2472 1002 2528 aspectu
1015 2475 1040 2515 et
1053 2466 1153 2514 forma
1165 2465 1268 2529 capiare
1280 2466 1362 2515 altera
1375 2467 1438 2516 645.

855 2551 1007 2600 formosu’
1028 2552 1180 2615 ...puellus
1200 2554 1257 2601 127.
1276 2560 1301 2601 et
1320 2553 1439 2602 formo-

891 2653 941 2685 sus
959 2637 1037 2686 homo
1057 2638 1106 2686 fuit
1124 2647 1149 2687 et
1167 2639 1278 2688 famosus
1297 2640 1357 2688 353.
1381 2639 1438 2690 ecu'

891 2739 943 2773 non
956 2723 1109 2775 formosu’
1123 2726 1182 2774 390.
1202 2740 1289 2775 omnes
1302 2725 1439 2774 formosi

891 2810 969 2860 fortes
997 2810 1044 2858 tibi
1071 2813 1130 2861 932.
1160 2811 1328 2873 formosus,
1357 2811 1439 2875 dives,
1467 2830 1470 2835 ’

892 2897 965 2957 liber,
983 2912 1028 2946 rex
1047 2898 1110 2946 soln’
1133 2899 1208 2946 1173.

856 3000 869 3034 e
889 2983 1069 3033 fornacibu'
1090 2981 1167 3034 252*.

856 3073 898 3121 cui
926 3072 1033 3135 parilem
1062 3071 1163 3120 fortuna
1192 3073 1276 3121 locum
1305 3071 1440 3134 fatumque

891 3159 951 3207 tulit
969 3157 1033 3207 fors
1053 3160 1112 3207 372,
1133 3158 1216 3208 forte
1230 3174 1314 3208 ...ac
1333 3157 1441 3208 fortuna

892 3244 992 3294 vincere
1011 3247 1071 3294 374.
1088 3273 1114 3280 -
1130 3246 1184 3295 fieri
1198 3247 1218 3294 si
1234 3247 1317 3295 forte
1330 3245 1440 3307 potisset

892 3333 917 3379 4.
937 3331 1020 3381 forto
1039 3348 1069 3380 nc
1087 3341 1180 3382 temero
1200 3335 1258 3384 375.
1278 3334 1333 3381 ibat
1350 3333 1441 3382 forte
1510 3360 1513 3367 ·

891 3418 956 3467 aries
974 3420 1033 3469 400.
1053 3421 1105 3469 ibat
1124 3420 1206 3469 forte
1225 3421 1328 3469 domum
1348 3423 1426 3470 1017.

857 3520 943 3554 omnes
962 3505 1067 3554 formosi
1087 3505 1186 3555 fortes
1210 3506 1255 3555 tibi
1283 3508 1342 3555 392.
1371 3505 1440 3557 ferto

892 3607 973 3654 aequo
992 3593 1078 3643 animo
1097 3610 1127 3643 ac
1148 3594 1276 3656 sortiter
1296 3592 1355 3640 056.

856 3681 898 3728 cui
922 3681 1028 3744 parilem
1053 3680 1181 3729 fortuna
1203 3681 1287 3728 locum
1305 3677 1441 3740 fatumque

893 3767 951 3815 tulit
979 3768 1030 3816 fors
1058 3769 1117 3816 379.
1146 3767 1263 3814 adversae
1287 3764 1442 3815 fortunae

894 3854 952 3900 223.
982 3853 1046 3902 sorte
1127 3869 1156 3900 uc
1184 3851 1313 3899 fortuna
1336 3850 1441 3901 vincere

894 3941 953 3988 374.
981 3939 1058 3987 vitam
1085 3954 1115 3987 ac
1138 3938 1344 3986 fortunas
1368 3951 1441 3987 meas

894 4029 953 4074 709.

858 4113 947 4161 forus
1027 4113 1125 4160 omatu’
1149 4112 1258 4161 lucernis
1288 4112 1346 4158 103.
1375 4110 1441 4160 indu

893 4199 962 4248 foro
984 4199 1062 4247 lotch
1075 4201 1098 4248 3.
1118 4199 1149 4247 ab
1169 4199 1242 4246 rebus
1312 4196 1441 4260 foroque

896 4288 969 4335 1085.
989 4302 1045 4334 curn
1065 4285 1103 4332 illi
1123 4283 1304 4332 lorandrum
1326 4287 1403 4333 1125.
